@BOOK{shelly,
  author = "M. Shelly",
  title = "Frankestein",
  publisher = "Oxford University Press",
  year = "1818"
}

@BOOK{andersen,
  author = "H. C. Andersen",
  title = "The Little Mermaid",
  year = "1837"
}
